<record><leader>00000cas a2200000Ma 4500</leader><controlfield tag="001">11072548</controlfield><controlfield tag="008">840820d18341839inuwr ne      0    0eng d</controlfield><datafield ind1=" " ind2=" " tag="010"><subfield code="a">sn 84023915 </subfield></datafield><datafield ind1=" " ind2=" " tag="040"><subfield code="a">AQM</subfield><subfield code="b">eng</subfield><subfield code="c">AQM</subfield><subfield code="d">OCLCQ</subfield></datafield><datafield ind1="0" ind2="0" tag="245"><subfield code="a">Evansville journal and general advertiser.</subfield></datafield><datafield ind1=" " ind2=" " tag="260"><subfield code="a">Evansville, Ind. :</subfield><subfield code="b">William Town</subfield></datafield><datafield ind1=" " ind2=" " tag="300"><subfield code="a">v.</subfield></datafield><datafield ind1=" " ind2=" " tag="310"><subfield code="a">Weekly</subfield></datafield><datafield ind1="1" ind2=" " tag="362"><subfield code="a">Began in Mar. 1834; ceased in 1839.</subfield><subfield code="z">Cf. Miller, J.W. Ind. newspaper bibl.</subfield></datafield><datafield ind1=" " ind2=" " tag="500"><subfield code="a">"Whig." Cf. Miller, J.W. Ind. newspaper bibl.</subfield></datafield><datafield ind1=" " ind2=" " tag="588"><subfield code="a">Description based on: Vol. 2, no. 11 (Jan. 14, 1836).</subfield></datafield><datafield ind1=" " ind2="7" tag="655"><subfield code="a">Newspapers.</subfield><subfield code="2">rbgenr</subfield></datafield><datafield ind1=" " ind2=" " tag="752"><subfield code="a">United States</subfield><subfield code="b">Indiana</subfield><subfield code="c">Vanderburgh</subfield><subfield code="d">Evansville.</subfield></datafield><datafield ind1="0" ind2="0" tag="785"><subfield code="t">Journal and Vanderburgh advertiser</subfield></datafield></record>